@ARTICLE{7842859, 
author={P. A. Zientara and S. Lee and {\bf G. H. Smith} and R. Brenner and L. Itti and M. B. Rosson and J. M. Carroll and K. M. Irick and V. Narayanan}, 
journal={Computer}, 
title={Third Eye: A Shopping Assistant for the Visually Impaired}, 
year={2017}, 
volume={50}, 
number={2}, 
pages={16-24}, 
keywords={computer vision;handicapped aids;grocery shelves;hardware accelerators;product selection;vision-based automatic shopping assistant;wearable cameras;Asssistive technology;Cameras;Feature extraction;Haptic interfaces;Navigation;Object recognition;Pervasive computing;Visualization;assistive technology;haptic gloves;human augmentation;object detection;object recognition;pervasive computing;visual algorithms;visual augmentation;visual sensing}, 
doi={10.1109/MC.2017.36}, 
ISSN={0018-9162}, 
month={Feb},}

@INPROCEEDINGS{ferrofet,
author={I. Yoon and M. Chang and K. Ni and M. Jerry and S. Gangopadhyay and {\bf G. Smith} and T. Hamam and V. Narayanan and J. Romberg and S. Lu and S. Datta and A. Raychowdhury}, 
booktitle={2018 76th Device Research Conference (DRC)}, 
title={A FeFET Based Processing-In-Memory Architecture for Solving Distributed Least-Square Optimizations}, 
year={2018}, 
volume={}, 
number={}, 
pages={1-2}, 
keywords={Computer architecture;Switches;Nonvolatile memory;Computational modeling;Microprocessors;Hardware design languages;Optimization}, 
doi={10.1109/DRC.2018.8442235}, 
ISSN={}, 
month={June},}

@ARTICLE{8565896, 
author={A. Raychowdhury and A. Parihar and {\bf G. H. Smith} and V. Narayanan and G. Csaba and M. Jerry and W. Porod and S. Datta}, 
journal={Proceedings of the IEEE}, 
title={Computing With Networks of Oscillatory Dynamical Systems}, 
year={2019}, 
volume={107}, 
number={1}, 
pages={73-89}, 
keywords={Oscillators;Computational modeling;Couplings;Task analysis;Optimization;Electrical engineering;Distributed computing;Insulation;Distributed computing;dynamical systems;insulator-to-metal transition (IMT) devices;networks}, 
doi={10.1109/JPROC.2018.2878854}, 
ISSN={0018-9219}, 
month={Jan},}